<?xml version="1.0" encoding="UTF-8"?><collection xmlns="http://www.loc.gov/MARC21/slim"><record><leader>00371nam--2200133-i-4500</leader><controlfield tag="001">000013431</controlfield><controlfield tag="002">20161230</controlfield><controlfield tag="005">20161230201030</controlfield><controlfield tag="008">060222s1000------------r-----000-0-eng-d</controlfield><datafield ind1=" " ind2=" " tag="245"><subfield code="a">Utilizarea radioizotopilor in gastroenterologie. al v-lea simposion 8-11 mai 1980</subfield></datafield><datafield ind1=" " ind2=" " tag="260"><subfield code="a">Cluj-napoca, Imf, 1980</subfield></datafield><datafield ind1=" " ind2=" " tag="490"><subfield code="a">159p</subfield></datafield><datafield ind1=" " ind2=" " tag="700"><subfield code="a">Szantay, J</subfield></datafield><datafield ind1=" " ind2=" " tag="852"><subfield code="a">621.039.83:61(082.2)</subfield></datafield></record></collection>